<record><leader>00000cas a22000007a 4500</leader><controlfield tag="001">10310442</controlfield><controlfield tag="008">840118c19849999ctudn ne      0   a0eng d</controlfield><datafield ind1=" " ind2=" " tag="010"><subfield code="a">sn 84007955 </subfield></datafield><datafield ind1=" " ind2=" " tag="040"><subfield code="a">NSD</subfield><subfield code="b">eng</subfield><subfield code="c">NSD</subfield><subfield code="d">DLC</subfield><subfield code="d">CNW</subfield><subfield code="d">OCLCQ</subfield><subfield code="d">AU@</subfield><subfield code="d">OCLCQ</subfield><subfield code="d">OCLCO</subfield></datafield><datafield ind1=" " ind2=" " tag="012"><subfield code="m">1</subfield></datafield><datafield ind1="1" ind2=" " tag="022"><subfield code="a">0746-8180</subfield><subfield code="l">0746-8180</subfield><subfield code="2">1</subfield></datafield><datafield ind1="1" ind2=" " tag="029"><subfield code="a">AU@</subfield><subfield code="b">000020407522</subfield></datafield><datafield ind1=" " ind2=" " tag="032"><subfield code="a">634200</subfield><subfield code="b">USPS</subfield></datafield><datafield ind1=" " ind2=" " tag="037"><subfield code="b">Register Publishing Corp. 190 Water St., Torrington, CT 06790-0058</subfield></datafield><datafield ind1=" " ind2=" " tag="042"><subfield code="a">nsdp</subfield><subfield code="a">msc</subfield></datafield><datafield ind1="0" ind2="0" tag="050"><subfield code="a">Newspaper</subfield></datafield><datafield ind1=" " ind2="0" tag="222"><subfield code="a">Register citizen</subfield></datafield><datafield ind1="0" ind2="0" tag="245"><subfield code="a">Register citizen.</subfield></datafield><datafield ind1=" " ind2=" " tag="260"><subfield code="a">Torrington, CT :</subfield><subfield code="b">Register Pub. Corp.</subfield></datafield><datafield ind1=" " ind2=" " tag="300"><subfield code="a">v. :</subfield><subfield code="b">ill. ;</subfield><subfield code="c">58 cm.</subfield></datafield><datafield ind1=" " ind2=" " tag="310"><subfield code="a">Daily (except Sundays &amp; holidays)</subfield></datafield><datafield ind1="0" ind2=" " tag="362"><subfield code="a">Vol. 111, no. 1 (Jan. 3, 1984)-</subfield></datafield><datafield ind1=" " ind2=" " tag="530"><subfield code="a">Available on microfilm from New England Micrographics, Marlboro, Mass.</subfield></datafield><datafield ind1=" " ind2="4" tag="651"><subfield code="a">Winsted (Conn.)</subfield><subfield code="v">Newspapers.</subfield></datafield><datafield ind1=" " ind2="4" tag="651"><subfield code="a">Winchester (Conn.)</subfield><subfield code="v">Newspapers.</subfield></datafield><datafield ind1=" " ind2="0" tag="651"><subfield code="a">Torrington (Conn.)</subfield><subfield code="v">Newspapers.</subfield></datafield><datafield ind1=" " ind2="0" tag="651"><subfield code="a">Winsted (Conn.)</subfield><subfield code="x">Newspapers.</subfield></datafield><datafield ind1=" " ind2="0" tag="651"><subfield code="a">Winchester (Conn.)</subfield><subfield code="x">Newspapers.</subfield></datafield><datafield ind1=" " ind2=" " tag="752"><subfield code="a">United States</subfield><subfield code="b">Connecticut</subfield><subfield code="c">Litchfield</subfield><subfield code="d">Torrington.</subfield></datafield><datafield ind1="0" ind2="4" tag="780"><subfield code="t">Winsted citizen</subfield><subfield code="w">(DLC)sn 93053949</subfield></datafield><datafield ind1="0" ind2="4" tag="780"><subfield code="t">Register (Torrington, Conn.)</subfield><subfield code="w">(DLC)sn 93053958</subfield></datafield><datafield ind1=" " ind2=" " tag="936"><subfield code="a">Tuesday, Jan. 3, 1984</subfield></datafield></record>